%\begin{thebibliography}{99}
%\bibitem{c3} S. Sanei and J.A. Chambers, EEG Signal Processing,John Wiley And Sons, 2007, ch. 2.
%\bibitem{c6} Wolpaw, Jonathan, and Elizabeth Winter Wolpaw, eds. Brain-computer interfaces: principles and practice. Oxford University Press, 2012.
%\bibitem{c8} Van Gerven, Marcel, et al. "Selecting features for BCI control based on a covert spatial attention paradigm." Neural Networks 22.9 (2009): 1271-1277.
% 
%\bibitem{c9} Szeliski, Richard. Computer vision: algorithms and applications. Springer, 2010.
%
%\bibitem{c10} D. G. Lowe. Distinctive image features from scale-invariant keypoints. International Journal of
%Computer Vision, 2(60):91-110, 2004.
%\bibitem{c11} Stopczynski A, Stahlhut C, Larsen JE, Petersen MK, Hansen LK (2014) The Smartphone Brain Scanner: A Portable Real-Time Neuroimaging System. PLoS ONE 9(2): e86733. doi:10.1371/journal.pone.0086733
%\bibitem{c12} Yoo S-S, Kim H, Filandrianos E, Taghados SJ, Park S (2013) Non-Invasive Brain-to-Brain Interface (BBI): Establishing Functional Links between Two Brains. PLoS ONE 8(4): e60410. doi:10.1371/journal.pone.0060410
%\bibitem{c13} Computer Vision Programming using the OpenCV Library. MORE DETAILED
%
%\end{thebibliography}

@article{c30,
title={A brain-actuated wheelchair: asynchronous and non-invasive brain--computer interfaces for continuous control of robots},
author={Gal{\'a}n, Ferran and Nuttin, Marnix and Lew, Eileen and Ferrez, Pierre W and Vanacker, Gerolf and Philips, Johan and Mill{\'a}n, J del R},
journal={Clinical Neurophysiology},
volume={119},
number={9},
pages={2159--2169},
year={2008},
publisher={Elsevier}
}


% BCI Algs
@article{c12,
  title={Evaluaci{\'o}n de un mapa Auto-Organizado aplicado a una Interfaz Cerebro Computadora},
  author={Liberczuk and Quintero-Rinc{\'o}n and Risk},
  journal={IEEE Latin-American Transactions},
  volume={2012},
  number={126},
  year={2012},
  publisher={ARGENCON}
}

% Why BCIs do not work
@article{c56,
author = {Nijboer and Plass-Oude Bos and Blokland and van Wijkand Farquhar},
title = {Design requirements and potential target users for brain-computer interfaces – recommendations from rehabilitation professionals},
journal = {Brain-Computer Interfaces},
volume = {1},
number = {1},
pages = {50-61},
year = {2014},
doi = {10.1080/2326263X.2013.877210},
URL = { http://dx.doi.org/10.1080/2326263X.2013.877210},
eprint = {http://dx.doi.org/10.1080/2326263X.2013.877210}
}

@incollection{c55,
year={2010},
isbn={978-3-642-02090-2},
booktitle={Brain-Computer Interfaces},
series={The Frontiers Collection},
efditor={Graimann B. and Pfurtscheller G. and Allison, Brendan},
doi={10.1007/978-3-642-02091-9_19},
title={Toward Ubiquitous BCIs},
url={http://dx.doi.org/10.1007/978-3-642-02091-9_19},
publisher={Springer Berlin Heidelberg},
author={Allison, B.Z.},
pages={357-387},
language={English}
}

@article{c62,
  title={Using brain-computer interfaces and brain-state dependent stimulation as tools in cognitive neuroscience},
  author={Jensen, Ole and Bahramisharif, Ali and Oostenveld, Robert and Klanke, Stefan and Hadjipapas, Avgis and Okazaki, Yuka O and van Gerven, Marcel AJ},
  journal={Perception Science},
  volume={2},
  pages={100},
  year={2011},
  publisher={Frontiers}
}

@INPROCEEDINGS{c61, 
author={Sanei and Leyman}, 
booktitle={Statistical Signal Processing, 2001. Proceedings of the 11th IEEE Signal Processing Workshop on}, 
title={EEG brain map reconstruction using blind source separation}, 
year={2001}, 
month={}, 
pages={233-236}, 
keywords={autoregressive processes;bioelectric potentials;biomedical imaging;deconvolution;eigenvalues and eigenfunctions;electroencephalography;higher order statistics;image reconstruction;matrix algebra;medical image processing;parameter estimation;patient monitoring;random noise;spectral analysis;EEG brain map reconstruction;EEG signal deconvolution;HOS;anatomical diagnosis;approximate diagonalization;autoregressive modelling;blind source separation;brain activities;diagnostic features;eigenmatrices;frequency bands;functional diagnosis;higher order statistics;image enhancement;pathological diagnosis;patient monitoring;pseudo-hot colours;spectrum estimation;Blind source separation;Brain mapping;Deconvolution;Electroencephalography;Frequency;Image reconstruction;Image restoration;Joints;Pathology;Spectral analysis}, 
doi={10.1109/SSP.2001.955265},
}

% Neurobridge patent

@misc{c77,
  title={Method and system for connecting an impaired nervous system to a muscle or a group of muscles based on template matching and intelligent end points},
  author={Midani and Midani},
  url={http://www.google.com/patents/US8744588},
  year={2014},
  month=jun # "~3",
  publisher={Google Patents},
  note={US Patent 8,744,588}
}

% Smartphone brain scanner
@article{c11,
  title={The smartphone brain scanner: A portable real-time neuroimaging system},
  author={Stopczynski and Stahlhut and Larsen and Petersen and Hansen},
  journal={PloS one},
  volume={9},
  number={2},
  pages={e86733},
  year={2014},
  publisher={Public Library of Science}
}

% LOWE SIFT Paper
@article{c14,
  title={Distinctive image features from scale-invariant keypoints},
  author={Lowe},
  journal={International journal of computer vision},
  volume={60},
  number={2},
  pages={91--110},
  year={2004},
  publisher={Springer}
}



% Bereitschaftspotential 
@article{c52,
  title={What is the Bereitschaftspotential?},
  author={Shibasaki and Hallett},
  journal={Clinical Neurophysiology},
  volume={117},
  number={11},
  pages={2341--2356},
  year={2006},
  publisher={Elsevier}
}



%% BCI Competition 2003 Dataset IV 
@article{c51,
  title={Classifying single trial EEG: Towards brain computer interfacing},
  author={Blankertz and Curio and Muller},
  journal={Advances in neural information processing systems},
  volume={1},
  pages={157--164},
  year={2002},
  publisher={MIT; 1998}
}


@article{c29,
  title={Real-time prediction of hand trajectory by ensembles of cortical neurons in primates},
  author={Wessberg and Stambaugh and Kralik and Beck and Laubach and Chapin and Kim and Biggs and Srinivasan and Nicolelis },
  journal={Nature},
  volume={408},
  number={6810},
  pages={361--365},
  year={2000},
  publisher={Nature Publishing Group}
}

@article{c27,
  title={Neuronal ensemble control of prosthetic devices by a human with tetraplegia},
  author={Hochberg and Serruya and Friehs and Mukand and Saleh and Capla and Branner and Chen and Penn and Donoghue},
  journal={Nature},
  volume={442},
  number={7099},
  pages={164--171},
  year={2006},
  publisher={Nature Publishing Group}
}

@article{c37,
  title={Neuroimaging-based approaches in the brain--computer interface},
  author={Min and Marzelli and Yoo},
  journal={Trends in biotechnology},
  volume={28},
  number={11},
  pages={552--560},
  year={2010},
  publisher={Elsevier}
}


@article{c97,
title = "Commanding a robotic wheelchair with a high-frequency steady-state visual evoked potential based brain–computer interface ",
journal = "Medical Engineering And Physics ",
volume = "35",
number = "8",
pages = "1155 - 1164",
year = "2013",
note = "",
issn = "1350-4533",
doi = "http://dx.doi.org/10.1016/j.medengphy.2012.12.005",
url = "http://www.sciencedirect.com/science/article/pii/S1350453312003335",
author = "Diez and Torres M{\"u}ller and Mut and Laciar and Avila and Freire Bastos-Filho and Sarcinelli-Filho",
keywords = "Brain–computer interface (BCI)",
keywords = "Steady-state visual-evoked potentials (SSVEP)",
keywords = "Robotic wheelchair",
keywords = "Electroencephalogram (EEG) "
}


@ARTICLE{c99, 
author={Iturrate, I. and Antelis, J.M. and Kubler, A. and Minguez, J.}, 
journal={Robotics, IEEE Transactions on}, 
title={A Noninvasive Brain-Actuated Wheelchair Based on a P300 Neurophysiological Protocol and Automated Navigation}, 
year={2009}, 
month={June}, 
volume={25}, 
number={3}, 
pages={614-627}, 
keywords={brain-computer interfaces;collision avoidance;electroencephalography;handicapped aids;mobile robots;navigation;wheelchairs;EEG;P300 neurophysiological protocol;automated navigation;autonomous navigation system;collision avoidance;electroencephalogram signal processing;laser scanner;noninvasive brain-actuated wheelchair;real-time virtual reconstruction;target location;visual stimulation process;Neurorobotics;rehabilitation robotics}, 
doi={10.1109/TRO.2009.2020347}, 
ISSN={1552-3098},}

@incollection{c98,
year={2008},
isbn={978-3-540-74470-2},
booktitle={IV Latin American Congress on Biomedical Engineering 2007, Bioengineering Solutions for Latin America Health},
volume={18},
series={IFMBE Proceedings},
editor={M{\"u}ller-Karger,Carmen and Wong,Sara and La Cruz,Alexandra},
doi={10.1007/978-3-540-74471-9_261},
title={Plataforma Experimental de Interfaz Cerebro Computadora Orientada al Control de Sillas de Ruedas},
url={http://dx.doi.org/10.1007/978-3-540-74471-9_261},
publisher={Springer Berlin Heidelberg},
keywords={BCI; P300; Control; Silla de ruedas},
author={Richard and Gentiletti},
pages={1127-1130},
language={Spanish}
}

@inproceedings{emotiv2,
  title={Implementation of SSVEP based BCI with Emotiv EPOC},
  author={Liu, Yue and Jiang, Xiao and Cao, Teng and Wan, Feng and Mak, Peng Un and Mak, Pui-In and Vai, Mang I},
  booktitle={Virtual Environments Human-Computer Interfaces and Measurement Systems (VECIMS), 2012 IEEE International Conference on},
  pages={34--37},
  year={2012},
  organization={IEEE}
}


@article{emotiv1,
  title={How about taking a low-cost, small, and wireless EEG for a walk?},
  author={Debener, Stefan and Minow, Falk and Emkes, Reiner and Gandras, Katharina and Vos, Maarten},
  journal={Psychophysiology},
  volume={49},
  number={11},
  pages={1617--1621},
  year={2012},
  publisher={Wiley Online Library}
}


@article{c21,
  title={Performance of the Emotiv Epoc headset for P300-based applications},
  author={Duvinage, Matthieu and Castermans, Thierry and Petieau, Mathieu and Hoellinger, Thomas and Cheron, Guy and Dutoit, Thierry},
  journal={Biomedical engineering online},
  volume={12},
  number={1},
  pages={56},
  year={2013},
  publisher={BioMed Central Ltd}
}

@incollection{c18,
year={2008},
isbn={978-3-540-74470-2},
booktitle={IV Latin American Congress on Biomedical Engineering 2007, Bioengineering Solutions for Latin America Health},
volume={18},
series={IFMBE Proceedings},
editor={Müller-Karger, Carmen and Wong, Sara and La Cruz, Alexandra},
doi={10.1007/978-3-540-74471-9_259},
title={Interfaces Cerebro Computadora: Definicion, Tipos y Estado Actual},
url={http://dx.doi.org/10.1007/978-3-540-74471-9_259},
publisher={Springer Berlin Heidelberg},
keywords={Electroencephalogram; brain computers interfaces; evoked potentials},
author={Gentiletti and Tabernig and Acevedo.},
pages={1117-1121},
language={Spanish}
}

@article{wang2004bci,
  title={BCI competition 2003-data set IV: an algorithm based on CSSD and FDA for classifying single-trial EEG},
  author={Wang, Yijun and Zhang, Zhiguang and Li, Yong and Gao, Xiaorong and Gao, Shangkai and Yang, Fusheng},
  journal={Biomedical Engineering, IEEE Transactions on},
  volume={51},
  number={6},
  pages={1081--1086},
  year={2004},
  publisher={IEEE}
}


@book{c3,
  title={EEG signal processing},
  author={Sanei and Chambers},
  year={2008},
  publisher={John Wiley \& Sons}
}

@book{c6,
  title={Brain-computer interfaces: principles and practice},
  author={Wolpaw, J. and Wolpaw, E. W.},
  year={2011},
  publisher={Oxford University Press}
}

@book{c9,
  title={Computer vision: algorithms and applications},
  author={Szeliski, Richard},
  year={2010},
  publisher={Springer}
}

 @article{c89,
   author = {Bresenham, J. E.},
 title = {Algorithm for Computer Control of a Digital Plotter},
 journal = {IBM Syst. J.},
 issue_date = {March 1965},
 volume = {4},
 number = {1},
 month = mar,
 year = {1965},
 issn = {0018-8670},
 pages = {25--30},
 numpages = {6},
  url = {http://dx.doi.org/10.1147/sj.41.0025},
 doi = {10.1147/sj.41.0025},
 acmid = {1663349},
 publisher = {IBM Corp.},
 address = {Riverton, NJ, USA},
 }
  
 
@inproceedings{c16,
 author = {Vedaldi and Fulkerson},
 title = {Vlfeat: An Open and Portable Library of Computer Vision Algorithms},
 booktitle = {Proceedings of the International Conference on Multimedia},
 series = { MM '10 },
 year = {2010},
 isbn = {978-1-60558-933-6},
 location = {Firenze, Italy},
 pages = {1469--1472},
 numpages = {4},
 url = {http://doi.acm.org/10.1145/1873951.1874249},
 doi = {10.1145/1873951.1874249},
 acmid = {1874249},
 publisher = {ACM},
 address = {New York, NY, USA},
 keywords = {computer vision, image classification, object recognition, visual features},
 }


@INPROCEEDINGS{4193387, 
author={Cheung, W. and Hamarneh, G.}, 
booktitle={Biomedical Imaging: From Nano to Macro, 2007. ISBI 2007. 4th IEEE International Symposium on}, 
title={N-SIFT: N-DIMENSIONAL SCALE INVARIANT FEATURE TRANSFORM FOR MATCHING MEDICAL IMAGES}, 
year={2007}, 
month={April}, 
pages={720-723}, 
keywords={biomedical MRI;computerised tomography;feature extraction;image matching;medical image processing;SIFT;dynamic volumetric data;hyperspherical coordinates;invariant feature transform;medical image matching;multidimensional histograms;Bioinformatics;Biomedical imaging;Breast;Gaussian approximation;Histograms;Image analysis;Kernel;Laplace equations;Multidimensional systems;Object recognition}, 
doi={10.1109/ISBI.2007.356953},
}

@article{c20,
  title={A simple and fast algorithm for K-medoids clustering},
  author={Park and Jun},
  journal={Expert Systems with Applications},
  volume={36},
  number={2},
  pages={3336--3341},
  year={2009},
  publisher={Elsevier}
}



